@book{last_penrose_2017, 
    place = {Cambridge}, 
    series = {Institute of Mathematical Statistics Textbooks}, 
    title = {Lectures on the Poisson Process}, 
    DOI = {10.1017/9781316104477}, 
    publisher = {Cambridge University Press}, 
    author = {Last, Günter and Penrose, Mathew}, 
    year = {2017}, 
    collection = {Institute of Mathematical Statistics Textbooks}
}
@book{Resnick_1987,
	doi = {10.1007/978-0-387-75953-1},
	url = {https://doi.org/10.1007%2F978-0-387-75953-1},
	year = 1987,
	publisher = {Springer New York},
	author = {Sidney I. Resnick},
	title = {Extreme Values, Regular Variation and Point Processes}
}
@book{Kallenberg_2017,
	doi = {10.1007/978-3-319-41598-7},
	url = {https://doi.org/10.1007%2F978-3-319-41598-7},
	year = 2017,
	publisher = {Springer International Publishing},
	author = {Olav Kallenberg},
	title = {Random Measures, Theory and Applications}
}
@book{Kallenberg_FMP,
	author = {Olav Kallenberg},
	doi = {10.1007/978-1-4757-4015-8},
	url = {http://dx.doi.org/10.1007/978-1-4757-4015-8},
	edition = {Second},
	publisher = {Springer-Verlag, New York},
	series = {Probability and its Applications (New York)},
	title = {Foundations of modern probability},
	year = 2002
}
@incollection{Resnick_2007,
	doi = {10.1007/978-0-387-45024-7_3},
	url = {https://doi.org/10.1007%2F978-0-387-45024-7_3},
	year = 2007,
	publisher = {Springer New York},
	author = {Sidney I. Resnick},
	pages = {39--69},
	title = {Crash Course {II}: Weak Convergence; Implications for Heavy-Tail Analysis},
	booktitle = {Heavy-Tail Phenomena}
}
@article{Holst_1980,
	ISSN = {00219002},
	URL = {http://www.jstor.org/stable/3212956},
	abstract = {Consider the pieces of a randomly broken stick. How long is the jth longest piece? How many breaks are necessary for getting all pieces less than a given length? These and related questions are studied in particular when the number of pieces is large. Using simple properties of the exponential distribution new proofs are given of old results and new results are obtained.},
	author = {Lars Holst},
	journal = {Journal of Applied Probability},
	number = {3},
	pages = {623--634},
	publisher = {Applied Probability Trust},
	title = {On the Lengths of the Pieces of a Stick Broken at Random},
	volume = {17},
	year = {1980}
}
@misc{Pinelis_2019,
    title={Order statistics on the spacings between order statistics for the uniform distribution}, 
    author={Iosif Pinelis},
    year={2019},
    eprint={1909.06406},
    archivePrefix={arXiv},
    primaryClass={math.ST}
}
@book{Arnold_et_al_2008,
	author = {Arnold, Barry C. and Balakrishnan, N. and Nagaraja, H. N.},
	title = {A First Course in Order Statistics (Classics in Applied Mathematics)},
	year = {2008},
	isbn = {0898716489},
	publisher = {Society for Industrial and Applied Mathematics},
	address = {USA}
}
@book{Spectorsky,
  author = {Спекторський Ігор  Якович},
  title = {Дискретна математика},
  year = {2004},
  address = {Київ, НТУУ <<КПІ>>, ННК <<ІПСА>>}
}
@book{Bog,
	author = {Богданський Юрій Вікторович},
	title = {Інтеграл в курсі аналізу},
	year = {2013},
	publisher = {Видавництво <<Політехніка>>},
	address = {Київ}
}
@book{Berezanskij,
  author         = {Y. M. Berezansky; Z. G. Sheftel; G. F. Us},
  publisher      = {Birkhäuser Verlag},
  title          = {Functional analysis},
  volume         = {1},
  year           = {1996}
}
@book{ContUnivDistr,
	author = {Norman L. Johnson, Samuel Kotz, N. Balakrishnan},
	title = {Continuous univariate distributions},
	year = {1995},
	publisher = {John Wiley \& Sons},
	address = {New York},
	volume = {2}
}

@book{Abramowitz_Stegun,
	author = {Milton Abramowitz, Irene A. Stegun},
	title = {Handbook of Mathematical Functions, With Formulas, Graphs, and Mathematical Tables},
	year = {1972},
	isbn = {0486612724},
	publisher = {Dover Publications, Inc.},
	address = {USA}
}

@book{billingsley,
  address = {New York},
  author = {Billingsley, Patrick},
  edition = {Second},
  isbn = {0-471-19745-9},
  note = {A Wiley-Interscience Publication},
  publisher = {John Wiley \& Sons Inc.},
  series = {Wiley Series in Probability and Statistics: Probability and
              Statistics},
  title = {Convergence of probability measures},
  year = 1999
}

@misc{Manstavicius,
  doi = {10.48550/ARXIV.1303.4540},
  url = {https://arxiv.org/abs/1303.4540},
  author = {Bakšajeva, Tatjana and Manstavičius, Eugenijus},
  keywords = {Combinatorics (math.CO), FOS: Mathematics, FOS: Mathematics, G.2.1; F.2.2, Primary 60C05, 05A16, 20P05},
  title = {On statistics of permutations chosen from the Ewens distribution},
  publisher = {arXiv},
  year = {2013},
  copyright = {arXiv.org perpetual, non-exclusive license}
}

